


@book{Calculus,
    title = {Calculus A Complete Course Ninth edition},
    author = {Robert A. Adams, Christopher Essex},
    isbn = {9780134154367},
    year = {2018},
    publisher = {Pearson},
    keywords = "teori,mattebok"
}

 
@online{github,
    author = {Gruppe 56},
    title = "Matteprosjekt Matematikk 1 UIA H2020",
    url  = "https://github.com/jofredh/mat1proj",
    keywords = "latex,github"
}
 